@book{diamond-shurman2005,
  title={A first course in modular forms},
  author={Diamond, Fred and Shurman, Jerry Michael},
  volume={228},
  year={2005},
  publisher={Springer}
}

@book{serre2012,
  title={A course in arithmetic},
  author={Serre, Jean-Pierre},
  volume={7},
  year={2012},
  publisher={Springer Science \& Business Media}
}